@phdthesis{PhD:Howes2010,
 author = {Howes, Lee William},
 title = {Indexed dependence metadata and its applications in software
                  performance optimisation},
 year = {2010},
 school = {Imperial College London},
 note = {\url{http://www.leehowes.com/files/HowesThesis2010.pdf}}
}


@TechReport{C++:P0009R1,
  author = {H. Carter Edwards and Bryce Lelbach and Christian Trott
                  and Juan Alday and Jesse Perla and Mauro Bianco and
                  Robin Maffeo and Ben Sander},
  title =        {P0009r1 : Polymorphic Multidimensional Array Reference},
  year =         {2016},
  month =     feb,
  note = {\url{http://www.open-std.org/jtc1/sc22/wg21/docs/papers/2016/p0009r1.html}},
}
  % https://github.com/kokkos/array_ref/blob/master/proposals/P0009.rst


@TechReport{C++:P0058R1:executor,
  author =       {Jared Hoberock and Michael Garland and Olivier Giroux and Hartmut Kaiser},
  title =        {An Interface for Abstracting Execution | P0058R1},
  year =         {2016},
  month =     feb,
  note = {\url{http://www.open-std.org/jtc1/sc22/wg21/docs/papers/2016/p0058r1.pdf}},
}


@TechReport{C++:P0059R1:ring,
  author =       {Guy Davidson and Arthur O'Dwyer},
  title =        {A proposal to add a ring span to the standard library},
  year =         {2016},
  month =     feb,
  note = {\url{http://www.open-std.org/jtc1/sc22/wg21/docs/papers/2016/p0059r1.pdf}},
}


